
@BOOK{Buchanan1979,
	title = {What Should Economists Do?},
	author = {Buchanan, James M.},
	year = {1979},
	publisher = {Liberty Fund Inc.},
}

@article{kennedy1998teaching,
  title={Teaching undergraduate econometrics: A suggestion for fundamental change},
  author={Kennedy, Peter E},
  journal={The American Economic Review},
  volume={88},
  number={2},
  pages={487--492},
  year={1998},
  publisher={JSTOR}
}

@article{bottge1999effects,
  title={Effects of contextualized math instruction on problem solving of average and below-average achieving students},
  author={Bottge, Brian A},
  journal={The Journal of Special Education},
  volume={33},
  number={2},
  pages={81--92},
  year={1999},
  publisher={Sage Publications Sage CA: Thousand Oaks, CA}
}

@article{bilgin2009effects,
  title={The Effects of Problem-Based Learning Instruction on University Students' Performance of Conceptual and Quantitative Problems in Gas Concepts.},
  author={Bilgin, Ibrahim and {\v{S}}enocalk, Erdal and S{\"o}zbilir, Mustafa},
  journal={Eurasia Journal of Mathematics, Science \& Technology Education},
  volume={5},
  number={2},
  year={2009}
}